@article{nemes2017error,
  title={Error bounds for the large-argument asymptotic expansions of the Hankel and Bessel functions},
  author={Nemes, Gerg{\H{o}}},
  journal={Acta Applicandae Mathematicae},
  volume={150},
  number={1},
  pages={141--177},
  year={2017},
  publisher={Springer}
}

@book{bai2010spectral,
  title={Spectral analysis of large dimensional random matrices},
  author={Bai, Zhidong and Silverstein, Jack W},
  volume={20},
  year={2010},
  publisher={Springer}
}

@article{bass1996doob,
  title={The Doob-Meyer decomposition revisited},
  author={Bass, Richard F},
  journal={Canadian Mathematical Bulletin},
  volume={39},
  number={2},
  pages={138--150},
  year={1996},
  publisher={Cambridge University Press}
}
@inproceedings{wang2021modular,
  title={A Modular Analysis of Provable Acceleration via Polyak’s Momentum: Training a Wide ReLU Network and a Deep Linear Network},
  author={Wang, Jun-Kun and Lin, Chi-Heng and Abernethy, Jacob D},
  booktitle={International Conference on Machine Learning},
  pages={10816--10827},
  year={2021},
  organization={PMLR}
}

@article{goujaud2021super,
  title={Super-Acceleration with Cyclical Step-sizes},
  author={Goujaud, Baptiste and Scieur, Damien and Dieuleveut, Aymeric and Taylor, Adrien and Pedregosa, Fabian},
  journal={arXiv preprint arXiv:2106.09687},
  year={2021}
}

@article{bogdanov2006average,
  title={Average-case complexity},
  author={Bogdanov, Andrej and Trevisan, Luca},
  journal={arXiv preprint cs/0606037},
  year={2006}
}

@article{liu2018parametrized,
  title={Parametrized Accelerated Methods Free of Condition Number},
  author={Liu, Chaoyue and Belkin, Mikhail},
  journal={arXiv preprint arXiv:1802.10235},
  year={2018}
}


@book{miller2006applied,
  title={Applied asymptotic analysis},
  author={Miller, Peter David},
  volume={75},
  year={2006},
  publisher={American Mathematical Soc.}
}


@article{totik2005orthogonal,
  title={Orthogonal polynomials},
  author={Totik, Vilmos},
  journal={arXiv preprint math/0512424},
  year={2005}
}
@inproceedings{szego1975orthogonal,
  title={Orthogonal polynomials, vol. 23},
  author={Szeg{\"o}, Gabor},
  booktitle={American Mathematical Society Colloquium Publications},
  year={1975}
}

@book{fischer1996polynomial,
  title={Polynomial based iteration methods for symmetric linear systems},
  author={Fischer, Bernd},
  year={1996},
  publisher={SIAM}
}

@book{hestenes1952methods,
  title={Methods of conjugate gradients for solving linear systems},
  author={Hestenes, Magnus Rudolph and Stiefel, Eduard and others},
  volume={49},
  number={1},
  year={1952},
  publisher={NBS Washington, DC}
}

@article{nevai1994generalized,
  title={Generalized Jacobi weights, Christoffel functions, and Jacobi polynomials},
  author={Nevai, Paul and Erd{\'e}lyi, Tam{\'a}s and Magnus, Alphonse P},
  journal={SIAM Journal on Mathematical Analysis},
  volume={25},
  number={2},
  pages={602--614},
  year={1994},
  publisher={SIAM}
}

@article{kindermann2021optimal,
  title={Optimal-order convergence of Nesterov acceleration for linear ill-posed problems},
  author={Kindermann, Stefan},
  journal={Inverse Problems},
  year={2021},
  publisher={IOP Publishing}
}
@article{marcellan2001favard,
  title={On the “Favard theorem” and its extensions},
  author={Marcell{\'a}n, Francisco and {\'A}lvarez-Nodarse, Renato},
  journal={Journal of computational and applied mathematics},
  volume={127},
  number={1-2},
  pages={231--254},
  year={2001},
  publisher={Elsevier}
}

@article{gamboa2016sum,
  title={Sum rules via large deviations},
  author={Gamboa, Fabrice and Nagel, Jan and Rouault, Alain},
  journal={Journal of Functional Analysis},
  volume={270},
  number={2},
  pages={509--559},
  year={2016},
  publisher={Elsevier}
}

@book{gautschi2004orthogonal,
  title={Orthogonal polynomials: computation and approximation},
  author={Gautschi, Walter},
  year={2004},
  publisher={Oxford University Press on Demand}
}

@article{bueno2004darboux,
  title={Darboux transformation and perturbation of linear functionals},
  author={Bueno, Mar{\i}a Isabel and Marcell{\'a}n, Francisco},
  journal={Linear algebra and its applications},
  volume={384},
  pages={215--242},
  year={2004},
  publisher={Elsevier}
}

@article{valent2005asymptotics,
  title={From asymptotics to spectral measures: determinate versus indeterminate moment problems},
  author={Valent, Galliano},
  journal={arXiv preprint math-ph/0512005},
  year={2005}
}

@article{simon2004ratio,
  title={Ratio asymptotics and weak asymptotic measures for orthogonal polynomials on the real line},
  author={Simon, Barry},
  journal={Journal of approximation Theory},
  volume={126},
  number={2},
  pages={198--217},
  year={2004},
  publisher={Elsevier}
}

@article{van1995weak,
  title={Weak convergence of orthogonal polynomials},
  author={Van Assche, Walter},
  journal={Indagationes Mathematicae},
  volume={6},
  number={1},
  pages={7--23},
  year={1995},
  publisher={Elsevier}
}

@book{nevai1979orthogonal,
  title={Orthogonal polynomials},
  author={Nevai, Paul G},
  volume={213},
  year={1979},
  publisher={American Mathematical Soc.}
}

@misc{jacobipoly,
  title = {Jacobi Polynomial.},
  howpublished = {\url{https://mathworld.wolfram.com/JacobiPolynomial.html}},
  author= {Weisstein, Eric W. }
}

@article{paquette2020halting,
  title={Halting time is predictable for large models: A universality property and average-case analysis},
  author={Paquette, Courtney and van Merri{\"e}nboer, Bart and Paquette, Elliot and Pedregosa, Fabian},
  journal={arXiv preprint arXiv:2006.04299},
  year={2020}
}
@book{nesterov2003introductory,
  title={Introductory lectures on convex optimization: A basic course},
  author={Nesterov, Yurii},
  volume={87},
  year={2003},
  publisher={Springer Science \& Business Media}
}
@article{garza2016orthogonal,
  title={Orthogonal polynomials and perturbations on measures supported on the real line and on the unit circle. A matrix perspective},
  author={Garza, Luis E and Marcell{\'a}n, Francisco},
  journal={Expositiones Mathematicae},
  volume={34},
  number={3},
  pages={287--326},
  year={2016},
  publisher={Elsevier}
}
@article{scieur2020universal,
  title={Universal average-case optimality of polyak momentum},
  author={Scieur, Damien and Pedregosa, Fabian},
  journal={arXiv preprint arXiv:2002.04664},
  year={2020}
}

@inproceedings{pedregosa2020acceleration,
  title={Acceleration through spectral density estimation},
  author={Pedregosa, Fabian and Scieur, Damien},
  booktitle={International Conference on Machine Learning},
  pages={7553--7562},
  year={2020},
  organization={PMLR}
}

@inproceedings{ghorbani2019investigation,
  title={An investigation into neural net optimization via hessian eigenvalue density},
  author={Ghorbani, Behrooz and Krishnan, Shankar and Xiao, Ying},
  booktitle={International Conference on Machine Learning},
  pages={2232--2241},
  year={2019},
  organization={PMLR}
}


